% literature survey

% starting again
@inproceedings{maity_understanding_2023,
    title = {Understanding new tasks through the lens of training data via exponential tilting},
    url = {http://arxiv.org/abs/2205.13577},
    doi = {10.48550/arXiv.2205.13577},
    urldate = {2024-12-06},
    booktitle = {The {International} {Conference} on {Learning} {Representation}},
    author = {Maity, Subha and Yurochkin, Mikhail and Banerjee, Moulinath and Sun, Yuekai},
    year = {2023},
}


@inproceedings{garg_unified_2020,
    title = {A {Unified} {View} of {Label} {Shift} {Estimation}},
    volume = {33},
    url = {https://proceedings.neurips.cc/paper/2020/hash/219e052492f4008818b8adb6366c7ed6-Abstract.html},
    urldate = {2024-10-24},
    booktitle = {Advances in {Neural} {Information} {Processing} {Systems}},
    publisher = {Curran Associates, Inc.},
    author = {Garg, Saurabh and Wu, Yifan and Balakrishnan, Sivaraman and Lipton, Zachary},
    year = {2020},
    pages = {3290--3300},
}


@article{sugiyama_covariate_2007,
    title = {Covariate shift adaptation by importance weighted cross validation.},
    volume = {8},
    number = {5},
    journal = {Journal of Machine Learning Research},
    author = {Sugiyama, Masashi and Krauledat, Matthias and Müller, Klaus-Robert},
    year = {2007},
}




@inproceedings{hendrycks_baseline_2017,
    title = {A {Baseline} for {Detecting} {Misclassified} and {Out}-of-{Distribution} {Examples} in {Neural} {Networks}},
    url = {http://arxiv.org/abs/1610.02136},
    doi = {10.48550/arXiv.1610.02136},
    urldate = {2025-01-05},
    booktitle = {International {Conference} on {Learning} {Representations}},
    author = {Hendrycks, Dan and Gimpel, Kevin},
    year = {2017},
}

@inproceedings{garg_leveraging_2022,
    title = {Leveraging {Unlabeled} {Data} to {Predict} {Out}-of-{Distribution} {Performance}},
    url = {http://arxiv.org/abs/2201.04234},
    doi = {10.48550/arXiv.2201.04234},
    urldate = {2025-01-05},
    booktitle = {International {Conference} on {Learning} {Representations}},
    author = {Garg, Saurabh and Balakrishnan, Sivaraman and Lipton, Zachary C. and Neyshabur, Behnam and Sedghi, Hanie},
    year = {2022},
}



@inproceedings{lipton_detecting_2018,
    title = {Detecting and {Correcting} for {Label} {Shift} with {Black} {Box} {Predictors}},
    url = {https://proceedings.mlr.press/v80/lipton18a.html},
    language = {en},
    urldate = {2024-10-24},
    booktitle = {Proceedings of the 35th {International} {Conference} on {Machine} {Learning}},
    publisher = {PMLR},
    author = {Lipton, Zachary and Wang, Yu-Xiang and Smola, Alexander},
    month = jul,
    year = {2018},
    note = {ISSN: 2640-3498},
    pages = {3122--3130},
}
@incollection{amos_when_2008,
    title = {When {Training} and {Test} {Sets} {Are} {Different}: {Characterizing} {Learning} {Transfer}},
    isbn = {978-0-262-17005-5},
    shorttitle = {When {Training} and {Test} {Sets} {Are} {Different}},
    url = {https://doi.org/10.7551/mitpress/9780262170055.003.0001},
    urldate = {2024-10-24},
    booktitle = {Dataset {Shift} in {Machine} {Learning}},
    publisher = {The MIT Press},
    author = {Amos, Storkey},
    editor = {Quiñonero-Candela, Joaquin and Sugiyama, Masashi and Schwaighofer, Anton and Lawrence, Neil D.},
    month = dec,
    year = {2008},
    doi = {10.7551/mitpress/9780262170055.003.0001},
    pages = {0},
}
@article{gretton_covariate_2008,
    title = {Covariate {Shift} by {Kernel} {Mean} {Matching}},
    url = {https://direct.mit.edu/books/edited-volume/3841/chapter/125883/Covariate-Shift-by-Kernel-Mean-Matching},
    doi = {10.7551/mitpress/7921.003.0013},
    language = {en},
    urldate = {2024-10-25},
    author = {Gretton, Arthur and Smola, Alex and Huang, Jiayuan and Schmittfull, Marcel and Borgwardt, Karsten and Schölkopf, Bernhard},
    month = dec,
    year = {2008},
}
@misc{namkoong_minimax_2024,
    title = {Minimax {Optimal} {Estimation} of {Stability} {Under} {Distribution} {Shift}},
    url = {http://arxiv.org/abs/2212.06338},
    doi = {10.48550/arXiv.2212.06338},
    urldate = {2024-09-30},
    publisher = {arXiv},
    author = {Namkoong, Hongseok and Ma, Yuanzhe and Glynn, Peter W.},
    month = jun,
    year = {2024},
    note = {arXiv:2212.06338 [cs, stat]},
    keywords = {Computer Science - Machine Learning, Statistics - Machine Learning},
}
@inproceedings{rabanser_failing_2019,
    title = {Failing {Loudly}: {An} {Empirical} {Study} of {Methods} for {Detecting} {Dataset} {Shift}},
    volume = {32},
    shorttitle = {Failing {Loudly}},
    url = {https://proceedings.neurips.cc/paper_files/paper/2019/hash/846c260d715e5b854ffad5f70a516c88-Abstract.html},
    urldate = {2024-10-24},
    booktitle = {Advances in {Neural} {Information} {Processing} {Systems}},
    publisher = {Curran Associates, Inc.},
    author = {Rabanser, Stephan and Günnemann, Stephan and Lipton, Zachary},
    year = {2019},
}


@article{duffield_entropy_1995,
    title = {Entropy of {ATM} traffic streams: a tool for estimating {QoS} parameters},
    volume = {13},
    issn = {1558-0008},
    shorttitle = {Entropy of {ATM} traffic streams},
    url = {https://ieeexplore.ieee.org/document/400654},
    doi = {10.1109/49.400654},
    number = {6},
    urldate = {2024-09-25},
    journal = {IEEE Journal on Selected Areas in Communications},
    author = {Duffield, N.G. and Lewis, J.T. and O'Connell, N. and Russell, R. and Toomey, F.},
    month = aug,
    year = {1995},
    note = {Conference Name: IEEE Journal on Selected Areas in Communications},
    pages = {981--990},
}
@misc{guggilam_anomaly_2021,
    title = {Anomaly {Detection} for {High}-{Dimensional} {Data} {Using} {Large} {Deviations} {Principle}},
    url = {http://arxiv.org/abs/2109.13698},
    urldate = {2024-10-24},
    publisher = {arXiv},
    author = {Guggilam, Sreelekha and Chandola, Varun and Patra, Abani},
    month = sep,
    year = {2021},
    note = {arXiv:2109.13698},
    keywords = {Computer Science - Machine Learning, Statistics - Machine Learning},
}

