@article{amos_input_2017,
    title = {Input {Convex} {Neural} {Networks}},
    journal = {ICML},
    author = {Amos, Brandon and Xu, Lei and Kolter, J Zico},
    year = {2017},
}
@misc{touchette_basic_2012,
    title = {A basic introduction to large deviations: {Theory}, applications, simulations},
    shorttitle = {A basic introduction to large deviations},
    url = {http://arxiv.org/abs/1106.4146},
    doi = {10.48550/arXiv.1106.4146},
    urldate = {2024-09-24},
    publisher = {arXiv},
    author = {Touchette, Hugo},
    month = feb,
    year = {2012},
    note = {arXiv:1106.4146 [cond-mat, physics:math-ph]},
}

@article{duffield_entropy_1995,
    title = {Entropy of {ATM} traffic streams: a tool for estimating {QoS} parameters},
    volume = {13},
    issn = {1558-0008},
    shorttitle = {Entropy of {ATM} traffic streams},
    url = {https://ieeexplore.ieee.org/document/400654},
    doi = {10.1109/49.400654},
    number = {6},
    urldate = {2024-09-25},
    journal = {IEEE Journal on Selected Areas in Communications},
    author = {Duffield, N.G. and Lewis, J.T. and O'Connell, N. and Russell, R. and Toomey, F.},
    month = aug,
    year = {1995},
    note = {Conference Name: IEEE Journal on Selected Areas in Communications},
    pages = {981--990},
}
@article{morris_natural_1982,
    title = {Natural {Exponential} {Families} with {Quadratic} {Variance} {Functions}},
    journal = {The Annals of Statistics},
    author = {Morris, Carl N.},
    year = {1982},
    file = {Attachment:/Users/luke/Zotero/storage/TKR9M4YD/1176345690.pdf:application/pdf},
}

@article{morris_unifying_2009,
    title = {Unifying the {Named} {Natural} {Exponential} {Families} and {Their} {Relatives}},
    volume = {63},
    issn = {0003-1305},
    url = {https://doi.org/10.1198/tast.2009.08145},
    doi = {10.1198/tast.2009.08145},
    number = {3},
    urldate = {2024-11-07},
    journal = {The American Statistician},
    author = {Morris, Carl N. and Lock, Kari F.},
    month = aug,
    year = {2009},
    pages = {247--253},
}


% literature survey
@inproceedings{lipton_detecting_2018,
    title = {Detecting and {Correcting} for {Label} {Shift} with {Black} {Box} {Predictors}},
    url = {https://proceedings.mlr.press/v80/lipton18a.html},
    language = {en},
    urldate = {2024-10-24},
    booktitle = {Proceedings of the 35th {International} {Conference} on {Machine} {Learning}},
    publisher = {PMLR},
    author = {Lipton, Zachary and Wang, Yu-Xiang and Smola, Alexander},
    month = jul,
    year = {2018},
    note = {ISSN: 2640-3498},
    pages = {3122--3130},
}
@incollection{amos_when_2008,
    title = {When {Training} and {Test} {Sets} {Are} {Different}: {Characterizing} {Learning} {Transfer}},
    isbn = {978-0-262-17005-5},
    shorttitle = {When {Training} and {Test} {Sets} {Are} {Different}},
    url = {https://doi.org/10.7551/mitpress/9780262170055.003.0001},
    urldate = {2024-10-24},
    booktitle = {Dataset {Shift} in {Machine} {Learning}},
    publisher = {The MIT Press},
    author = {Amos, Storkey},
    editor = {Quiñonero-Candela, Joaquin and Sugiyama, Masashi and Schwaighofer, Anton and Lawrence, Neil D.},
    month = dec,
    year = {2008},
    doi = {10.7551/mitpress/9780262170055.003.0001},
    pages = {0},
}

@article{gretton_covariate_2008,
    title = {Covariate {Shift} by {Kernel} {Mean} {Matching}},
    url = {https://direct.mit.edu/books/edited-volume/3841/chapter/125883/Covariate-Shift-by-Kernel-Mean-Matching},
    doi = {10.7551/mitpress/7921.003.0013},
    language = {en},
    urldate = {2024-10-25},
    author = {Gretton, Arthur and Smola, Alex and Huang, Jiayuan and Schmittfull, Marcel and Borgwardt, Karsten and Schölkopf, Bernhard},
    month = dec,
    year = {2008},
}

@misc{namkoong_minimax_2024,
    title = {Minimax {Optimal} {Estimation} of {Stability} {Under} {Distribution} {Shift}},
    url = {http://arxiv.org/abs/2212.06338},
    doi = {10.48550/arXiv.2212.06338},
    urldate = {2024-09-30},
    publisher = {arXiv},
    author = {Namkoong, Hongseok and Ma, Yuanzhe and Glynn, Peter W.},
    month = jun,
    year = {2024},
    note = {arXiv:2212.06338 [cs, stat]},
    keywords = {Computer Science - Machine Learning, Statistics - Machine Learning},
}
@misc{guggilam_anomaly_2021,
    title = {Anomaly {Detection} for {High}-{Dimensional} {Data} {Using} {Large} {Deviations} {Principle}},
    url = {http://arxiv.org/abs/2109.13698},
    urldate = {2024-10-24},
    publisher = {arXiv},
    author = {Guggilam, Sreelekha and Chandola, Varun and Patra, Abani},
    month = sep,
    year = {2021},
    note = {arXiv:2109.13698},
    keywords = {Computer Science - Machine Learning, Statistics - Machine Learning},
}
@inproceedings{rabanser_failing_2019,
    title = {Failing {Loudly}: {An} {Empirical} {Study} of {Methods} for {Detecting} {Dataset} {Shift}},
    volume = {32},
    shorttitle = {Failing {Loudly}},
    url = {https://proceedings.neurips.cc/paper_files/paper/2019/hash/846c260d715e5b854ffad5f70a516c88-Abstract.html},
    urldate = {2024-10-24},
    booktitle = {Advances in {Neural} {Information} {Processing} {Systems}},
    publisher = {Curran Associates, Inc.},
    author = {Rabanser, Stephan and Günnemann, Stephan and Lipton, Zachary},
    year = {2019},
}
